@article{luo2019localization,
  title={{``Localization and navigation in autonomous driving: Threats and countermeasures"}},
  author={Luo, Qian and Cao, Yurui and Liu, Jiajia and Benslimane, Abderrahim},
  journal={IEEE Wireless Communications},
  volume={26},
  number={4},
  pages={38--45},
  year={2019},
  publisher={IEEE}
}


@misc{NVIDIA,
author = {Katie Burke},
year = {2019},
title = {{``How Does a Self-Driving Car See?"}},
howpublished = {\url{https://blogs.nvidia.com/blog/2019/04/15/how-does-a-self-driving-car-see/}},
}


@INPROCEEDINGS{7225830,
  author={J. {Kong} and M. {Pfeiffer} and G. {Schildbach} and F. {Borrelli}},
  booktitle={2015 IEEE Intelligent Vehicles Symposium (IV)}, 
  title={Kinematic and dynamic vehicle models for autonomous driving control design}, 
  year={2015},
  volume={},
  number={},
  pages={1094-1099},
  doi={10.1109/IVS.2015.7225830}}


@misc{StaticObs,
author = {MathWorks Inc.},
title = {Obstacle Avoidance Using Adaptive Model Predictive Control},
howpublished = {\url{https://it.mathworks.com/help/mpc/ug/obstacle-avoidance-using-adaptive-model-predictive-control.html}},
}

@article{frisoni2016research,
  title={Research for tran committee--self-piloted cars: The future of road transport?},
  author={Frisoni, Roberta and Dallâ€™Oglio, Andrea and Nelson, Craig and Long, James and Vollath, Christoph and Ranghetti, Davide and McMinimy, Sarah and Gleave, Steer Davies},
  journal={European Parliament, Directorate-General for internal policies, policy department B: Structural and Cohesion Policies, Transport and Tourism},
  year={2016}
}

@misc{MPC_Def,
author = {MathWorks Inc.},
title = {Understanding Model Predictive Control},
howpublished = {\url{https://it.mathworks.com/videos/series/understanding-model-predictive-control.html}},
}

@incollection{FOWLER20151,
title = {Chapter 1 - Introduction to Good Development},
editor = {Kim R. Fowler and Craig L. Silver},
booktitle = {Developing and Managing Embedded Systems and Products},
publisher = {Newnes},
address = {Oxford},
pages = {1-38},
year = {2015},
isbn = {978-0-12-405879-8},
doi = {https://doi.org/10.1016/B978-0-12-405879-8.00001-5},
url = {https://www.sciencedirect.com/science/article/pii/B9780124058798000015},
author = {Kim R. Fowler},
keywords = {Systems engineering, integrity, teamwork, management, development, process, procedure, V-model, spiral model, life cycle, QA}
}

@article{10.2307/44733900,
 ISSN = {0096736X, 25771531},
 URL = {http://www.jstor.org/stable/44733900},
 author = {Gary J. Heydinger and Ronald A. Bixel and W. Riley Garrott and Michael Pyne and J. Gavin Howe and Dennis A. Guenther},
 journal = {SAE Transactions},
 pages = {2462--2485},
 publisher = {SAE International},
 title = {Measured Vehicle Inertial Parameters-NHTSA's Data Through November 1998},
 volume = {108},
 year = {1999}
}

@misc{OpenStreetMap,
title = {OpenStreetMap},
howpublished = {\url{https://www.openstreetmap.org}},
}

@misc{SimulinkTest,
author = {MathWorks Inc.},
title = {Simulink Test},
howpublished = {\url{https://www.mathworks.com/help/sltest/index.html?s_tid=srchtitlel}},
}

@article{Steeringrate,
  title={An Assessment of Human Driver Steering Capability},
  journal={NHTSA},
  author={Garrick J. Forkenbrock, NHTSA Devin Elsasser, Transportation Research Center Inc. },
  year={2005}
}